@Online{2024,
  title        = {100 Jahre Pioniergeist},
  url          = {https://www.mahle.com/de/about-mahle/mahle_chronicle/},
  urldate      = {2024-02-08},
  address      = {Stuttgart, Germany},
  organization = {MAHLE GmbH},
  year         = {2024},
}
@misc{A01,
  author = {Author, A.},
  year = {2001},
  title = {Alpha},
}

@Comment{jabref-meta: databaseType:bibtex;}

@Comment{jabref-entrytype: online: req[title;url;urldate] opt[organization;author;year;month;version;address]}
